@book{Flutter,
    author={Alberto Miola},
    title={Flutter Complete Reference},
    year={2020}
}

@misc{Firebase,
	title={Firebase Technology},
	howpublished={Web pages: \url{https://firebase.google.com/}},
	url={https://firebase.google.com/}
}

@article{RummikubComplexity,
    author={Jan N. van Rijn and Frank W. Takes and  Jonathan K. Vis},
    title={The Complexity of Rummikub Problems},
    year={2016}
}
